<record><leader>00000cas a22000007a 4500</leader><controlfield tag="001">11506531</controlfield><controlfield tag="008">841218d18701874ohuwr ne      0    0eng d</controlfield><datafield ind1=" " ind2=" " tag="010"><subfield code="a">sn 84028816 </subfield></datafield><datafield ind1=" " ind2=" " tag="040"><subfield code="a">NPY</subfield><subfield code="b">eng</subfield><subfield code="c">NPY</subfield><subfield code="d">NPX</subfield><subfield code="d">NPU</subfield><subfield code="d">WVC</subfield><subfield code="d">ONP</subfield><subfield code="d">OCLCQ</subfield></datafield><datafield ind1=" " ind2=" " tag="042"><subfield code="a">msc</subfield></datafield><datafield ind1="0" ind2="4" tag="082"><subfield code="a">071.7716</subfield></datafield><datafield ind1="0" ind2=" " tag="130"><subfield code="a">Steubenville weekly gazette (Steubenville, Ohio : 1870)</subfield></datafield><datafield ind1="1" ind2="4" tag="245"><subfield code="a">The Steubenville weekly gazette.</subfield></datafield><datafield ind1=" " ind2=" " tag="260"><subfield code="a">Steubenville, Ohio :</subfield><subfield code="b">Chas. N. Allen,</subfield><subfield code="c">1870-1874.</subfield></datafield><datafield ind1=" " ind2=" " tag="300"><subfield code="a">v.</subfield></datafield><datafield ind1=" " ind2=" " tag="310"><subfield code="a">Weekly</subfield></datafield><datafield ind1="0" ind2=" " tag="362"><subfield code="a">Vol. 5, no. 23 (Feb. 4, 1870)-v. 10, no. 2 (Sept. 4, 1874).</subfield></datafield><datafield ind1=" " ind2=" " tag="752"><subfield code="a">United States</subfield><subfield code="b">Ohio</subfield><subfield code="c">Jefferson</subfield><subfield code="d">Steubenville.</subfield></datafield><datafield ind1="0" ind2=" " tag="775"><subfield code="t">Steubenville evening gazette</subfield><subfield code="w">(DLC)sn 88078264</subfield></datafield><datafield ind1="0" ind2="0" tag="780"><subfield code="t">Steubenville gazette (Steubenville, Ohio : 1865)</subfield><subfield code="w">(DLC)sn 84028815</subfield></datafield><datafield ind1="0" ind2="0" tag="785"><subfield code="t">Steubenville gazette (Steubenville, Ohio : 1874)</subfield><subfield code="w">(DLC)sn 88078266</subfield></datafield></record>